@Misc {And07,
 author = {Gunnar Andersson},
 title  = {Writing an Othello program},
 howpublished = "\url{http://radagast.se/othello/howto.html}",
 year =2007,
 note="[Accessed January 2018]"
 }

@Misc {Ros81,
 author = {Paul S. Rosenbloom},
 title  = {A world-championship-level Othello program},
 howpublished = "\url{http://dept-info.labri.fr/~narbel/PdP/Subjects17-18/Papers/World-championship-level_othello_program.pdf}",
 year =1981,
 note="[Accessed January 2018]"
 }

@Misc {Bur03,
 author = {Buro, M.},
 title  = {The evolution of strong Othello programs},
 howpublished = "\url{http://dept-info.labri.fr/~narbel/PdP/Subjects17-18/Papers/compoth.pdf}",
 year =2003,
 note="[Accessed January 2018]"
 }

@Misc {CK06,
 author = {Cirasella, Jill and Kopec, Danny},
 title  = {The History of Computer Games},
 publisher = {CUNY Academic Works},
 howpublished = "\url{https://academicworks.cuny.edu/cgi/viewcontent.cgi?referer=https://www.google.fr/&httpsredir=1&article=1181&context=gc_pubs}",
 year =2006,
 note="[Accessed January 2018]"
 }





 